% Hier kommen Referenzen hinein
% Damit diese auch gefunden werden, muss im Hauptverzeichnis
% bibtex "datei.aux" also hier diplom.aux ausgeführt werden 

@Article{Hellwig2015,
  author = {Jonas Hellwig},
  title =  {Adaptive Website vs. Responsive Website},
  note = {https://blog.kulturbanause.de/2012/11/adaptive-website-vs-responsive-website/},
  year =   {04.08.2015},
  note = {Letzter Zugriff: 06.03.2017}
}

@Article{Hohenberg2016,
  author = {Max Hohenberg},
  title =  {GODADDY ÜBERNIMMT HOST EUROPE GROUP },
  note = {http://www.presseportal.de/pm/122648/3503581},
  year =   {06.12.2016},
  note = {Letzter Zugriff: 03.03.2017}
}

@Article{Cousins2016,
  author = {Carrie Cousins},
  title =  {Your Design with a Hero Header},
  note = {https://designmodo.com/hero-headers/},
  year =   {07.12.2016},
  note = {Letzter Zugriff: 06.03.2017}
}

@Article{Trier2016,
  author = {Universitat Trier},
  title =  {Einführung in das objektorientierte Programmieren mit Java 5.0},
  note = {https://www.uni-trier.de/fileadmin/urt/doku/java/v50/java5.pdf},
  year =   {07.7.2016},
  note = {Letzter Zugriff: 06.03.2017}
}

@Article{Tutorial2015,
  author = {Android Tutorial},
  title =  {Neues Android Studio Projekt erstellen},
  note = {http://www.programmierenlernenhq.de/tutorial-android-studio-projekt-erstellen/},
  year =   {17.5.2016},
  note = {Letzter Zugriff: 06.03.2017}
}

@Article{Heise2016,
  author = {Tam Hanna},
  title =  {Android Studio als neue Standard-Entwicklungsumgebung},
  note = {https://www.heise.de/developer/artikel/Android-Studio-als-neue-Standard-Entwicklungsumgebung-3173614.html},
  year =   {15.4.2016},
  note = {Letzter Zugriff: 06.03.2017}
}

@Article{Android2016,
  author = {Android Studio},
  title =  {Migrate to Android Studio},
  note ={https://developer.android.com/studio/intro/migrate.html},
  year =   {10.6.2016},
  note = {Letzter Zugriff: 06.03.2017}
}

@Article{JSon2016,
  author = {JSon},
  title =  {Einführung in JSON},
  note ={https://developer.android.com/studio/intro/migrate.html},
  year =   {03.6.2016},
  note = {Letzter Zugriff: 06.03.2017}
}

@Article{GSon2017,
  author = {GSon},
  title =  {GSON},
  note ={https://github.com/google/gson/tree/master/gson},
  year =   {5.10.2016},
  note = {Letzter Zugriff: 06.03.2017}
}

@Book{referenzA,
	author = {Autor des Titels},
	title = {Titel der Referenz},
	publisher = {Herausgeber},
	year = {Das Jahr},
	address = {\url{http://www.eine.url.der.referenz.de}},
	note = {ein paar zusaetzliche Sachen}
}

@Article{Prager1961,
  author = {W. Prager},
  title =  {An Elementary Discussion of Definitions of Stress Rate},
  journal = {Division of Applied Mathematics},
  year =   {1961},
}
  
@Misc{latextug,
  author =       {Quaritsch, T. and Voit, K. and Prokop, L. and Schlager, T. and Hammer, M.},
  title =        {LaTeX@TU Graz-Projekt},
  howpublished = "\url{http://latex.tugraz.at}",
  note = {Letzer Zugriff: 2016-05-31}
}